@article{chan2013review,
	title={Review of modelling and control of two-wheeled robots},
	author={Chan, Ronald Ping Man and Stol, Karl A and Halkyard, C Roger},
	journal={Annual reviews in control},
	volume={37},
	number={1},
	pages={89--103},
	year={2013},
	publisher={Elsevier}
}